@article{El_Bourakadi_2021,
	title={Preheating and reheating constraints in supersymmetric braneworld inflation},
	volume={136},
	ISSN={2190-5444},
	url={http://dx.doi.org/10.1140/epjp/s13360-021-01887-x},
	DOI={10.1140/epjp/s13360-021-01887-x},
	number={8},
	journal={The European Physical Journal Plus},
	publisher={Springer Science and Business Media LLC},
	author={El Bourakadi, K. and Bousder, M. and Sakhi, Z. and Bennai, M.},
	year={2021},
	month={Aug}
}
